@InProceedings{rudnick-gasser:2013:HyTra,
  author    = {Rudnick, Alex  and  Gasser, Michael},
  title     = {{Lexical Selection for Hybrid MT with Sequence Labeling}},
  booktitle = {Proceedings of the Second Workshop on Hybrid Approaches to Translation},
  year      = {2013},
  address   = {Sofia, Bulgaria},
  pages     = {102--108},
  url       = {http://www.aclweb.org/anthology/W13-2815}
}

@InProceedings{rudnick-liu-gasser:2013:SemEval-2013,
  author    = {Rudnick, Alex  and  Liu, Can  and  Gasser, Michael},
  title     = {{HLTDI: CL-WSD Using Markov Random Fields for SemEval-2013 Task 10}},
  booktitle = {{Second Joint Conference on Lexical and Computational Semantics (*SEM), Volume 2: Proceedings of the Seventh International Workshop on Semantic Evaluation (SemEval 2013)}},
  year      = {2013},
  url       = {http://www.aclweb.org/anthology/S13-2031}
}

@article{scikit-learn,
 title={Scikit-learn: Machine Learning in {P}ython},
 author={Pedregosa, F. and Varoquaux, G. and Gramfort, A. and Michel, V.
         and Thirion, B. and Grisel, O. and Blondel, M. and Prettenhofer, P.
         and Weiss, R. and Dubourg, V. and Vanderplas, J. and Passos, A. and
         Cournapeau, D. and Brucher, M. and Perrot, M. and Duchesnay, E.},
 journal={Journal of Machine Learning Research},
 volume={12},
 pages={2825--2830},
 year={2011}
}
 
@InProceedings{lefever-hoste-decock:2011:ACL-HLT2011,
  author    = {Lefever, Els  and  Hoste, V\'{e}ronique  and  De Cock, Martine},
  title     = {{ParaSense or How to Use Parallel Corpora for Word Sense Disambiguation}},
  booktitle = {Proceedings of the 49th Annual Meeting of the Association for Computational Linguistics: Human Language Technologies},
  year      = {2011},
  url       = {http://www.aclweb.org/anthology/P11-2055}
}

@InProceedings{lefever-hoste:2009:SEW,
  author    = {Lefever, Els  and  Hoste, V\'{e}ronique},
  title     = {{SemEval-2010 Task 3: Cross-lingual Word Sense Disambiguation}},
  booktitle = {Proceedings of the Workshop on Semantic Evaluations: Recent Achievements and Future Directions (SEW-2009)},
  year      = {2009},
  url       = {http://www.aclweb.org/anthology/W09-2413}
}

@InProceedings{guo-diab:2010:SemEval,
  author    = {Guo, Weiwei  and  Diab, Mona},
  title     = {{COLEPL and COLSLM: An Unsupervised WSD Approach to Multilingual Lexical Substitution, Tasks 2 and 3 SemEval 2010}},
  booktitle = {Proceedings of the 5th International Workshop on Semantic Evaluation},
  year      = {2010},
  url       = {http://www.aclweb.org/anthology/S10-1026}
}

@InProceedings{task10,
  author    = {Lefever, Els and Hoste, V\'{e}ronique},
  title     = {{SemEval-2013 Task 10: Cross-Lingual Word Sense Disambiguation}},
  booktitle = {Proceedings of the 7th International Workshop on Semantic Evaluation (SemEval 2013)},
  year      = {2013},
}

@InProceedings{marine,
  author    = {Marine Carpuat},
  title     = {{NRC: A Machine Translation Approach to Cross-Lingual Word Sense Disambiguation (SemEval-2013 Task 10)}},
  booktitle = {Proceedings of the 7th International Workshop on Semantic Evaluation (SemEval 2013)},
  year      = {2013},
}

@article{DBLP:journals/csur/Navigli09,
  author    = {Roberto Navigli},
  title     = {{Word sense disambiguation: A survey}},
  journal   = {ACM Comput. Surv.},
  volume    = {41},
  number    = {2},
  year      = {2009},
  ee        = {http://doi.acm.org/10.1145/1459352.1459355},
  bibsource = {DBLP, http://dblp.uni-trier.de}
}

@inproceedings{improvingsmtwsd,
 author = {Marine Carpuat and Dekai Wu},
 title = {{Improving Statistical Machine Translation using Word Sense Disambiguation}},
 booktitle = {Proceedings of the 2007 Joint Conference on Empirical Methods in Natural Language Processing and Computational Natural Language Learning},
 year = {2007},
 }

@INPROCEEDINGS{Brown91word-sensedisambiguation,
    author = {Peter F. Brown and Stephen A. Della Pietra and Vincent J. Della Pietra and Robert L. Mercer},
    title = {{Word-Sense Disambiguation Using Statistical Methods}},
    booktitle = {Proceedings of the 29th Annual Meeting of the Association for Computational Linguistics},
    year = {1991},
}

@inproceedings{carpuatpsd,
    author = {Marine Carpuat and Dekai Wu},
    title = {{How Phrase Sense Disambiguation Outperforms Word Sense Disambiguation for Statistical Machine Translation}},
    booktitle = {11th Conference on Theoretical and Methodological Issues in Machine Translation},
    year = {2007},
}

@InProceedings{lefeversemeval,
  author    = {Els Lefever and  V\'{e}ronique Hoste},
  title     = {{SemEval-2010 Task 3: Cross-Lingual Word Sense Disambiguation}},
  booktitle = {Proceedings of the 5th International Workshop on Semantic Evaluation},
  year      = {2010},
  url       = {http://www.aclweb.org/anthology/S10-1003}
}

@book{nltkbook, 
  author = {Steven Bird and Ewan Klein and Edward Loper}, 
  title = {{Natural Language Processing with Python}}, 
  publisher = {O'Reilly Media}, 
  year = 2009 
} 

@Unpublished{daume04cg-bfgs,
  author =       {Hal {Daum\'e III}},
  title =        {Notes on {CG} and {LM-BFGS} Optimization of Logistic Regression},
  month =     {August},
  keywords = {ml},
  year =      {2004}
}

@INPROCEEDINGS{Toutanova03feature-richpart-of-speech,
    author = {Kristina Toutanova and Dan Klein and Christopher D. Manning and Yoram Singer},
    title = {{Feature-Rich Part-of-Speech Tagging with a Cyclic Dependency Network}},
    booktitle = {PROCEEDINGS OF HLT-NAACL },
    year = {2003},
}

@INPROCEEDINGS{Schmid95improvementsin,
    author = {Helmut Schmid},
    title = {{Improvements In Part-of-Speech Tagging With an Application To German}},
    booktitle = {Proceedings of the ACL SIGDAT-Workshop},
    year = {1995},
}

@INPROCEEDINGS{europarl,
    author = {Philipp Koehn},
    title = {{Europarl: A Parallel Corpus for Statistical Machine Translation}},
    booktitle = {Proceedings of The Tenth Machine Translation Summit},
    year = {2005},
}

@inproceedings{gasser:sxdg,
  author = {Michael Gasser},
  title = {{Towards synchronous Extensible Dependency Grammar}},
  booktitle = {International Workshop on Free/Open-Source Rule-Based Machine Translation},
  year = 2011,
}

@inproceedings{gasser:aflat2012,
  author = {Michael Gasser},
  title = {{Toward a Rule-Based System for English-Amharic Translation}},
  booktitle = {LREC-2012: SALTMIL-AfLaT Workshop on “Language technology for normalisation of less-resourced languages”},
  year = 2012,
}

@Article{amtrup:03,
  author =      {Jan Amtrup},
  title =      {Morphology in Machine Translation Systems: Efficient
                      Integration of Finite State Transducers and Feature Structure Descriptions},
  journal =      {Machine Translation},
  year =      {2003},
  volume =      {18},
}

@Book{beesley+karttunen,
  author =     "Kenneth R.~Beesley and Lauri Karttunen",
  title =     "Finite State Morphology",
  publisher =     "CSLI Publications",
  year =     "2003",
}

@InProceedings{gasser:eacl09,
  author =      {Michael Gasser},
  title =      {Semitic morphological analysis and generation using
                      finite state transducers with feature structures},
  booktitle = {Proceedings of the 12th {C}onference of the {E}uropean
                      {C}hapter of the {ACL}},
  year =      {2009},
}

@InProceedings{resnik:aaai,
  author={Resnik, Philip},
  title={{{Evaluating Multilingual Gisting of Web Pages}}},
  year={1997},
  booktitle = {{AAAI Symposium on Natural Language Processing for the World Wide Web}},
}

@inproceedings{DBLP:conf/icml/LaffertyMP01,
  author    = {John D. Lafferty and
               Andrew McCallum and
               Fernando C. N. Pereira},
  title     = {{Conditional Random Fields: Probabilistic Models for Segmenting
                and Labeling Sequence Data}},
  booktitle = {ICML},
  year      = {2001},
}

@inproceedings{tyers-fst, 
  author = {Tyers, F. M. and S\'anchez-Mart\'inez, F. and Forcada, M. L.},
  year = {2012},
  title = {{Flexible finite-state lexical selection for rule-based machine translation}},
  booktitle = {{Proceedings of the 17th Annual Conference of the European Association of Machine Translation, EAMT12}},
}

@InProceedings{vintar-fivser-vrvsvcaj:2012:ESIRMT-HyTra2012,
  author    = {Vintar, \v{S}pela  and  Fi\v{s}er, Darja  and  Vr\v{s}\v{c}aj, Aljo\v{s}a},
  title     = {{Were the clocks striking or surprising? Using WSD to improve MT performance}},
  booktitle = {Proceedings of the Joint Workshop on Exploiting Synergies between Information Retrieval and Machine Translation (ESIRMT) and Hybrid Approaches to Machine Translation (HyTra)},
  year      = {2012},
  url       = {http://www.aclweb.org/anthology/W12-0112}
}

@inproceedings{DBLP:conf/iberamia/MolinaPS02,
  author    = {Antonio Molina and
               Ferran Pla and
               Encarna Segarra},
  title     = {{A Hidden Markov Model Approach to Word Sense Disambiguation}},
  booktitle = {IBERAMIA},
  year      = {2002},
  ee        = {http://dx.doi.org/10.1007/3-540-36131-6_67},
}

@inproceedings{DBLP:conf/amta/Moore02,
  author    = {Robert C. Moore},
  title     = {Fast and Accurate Sentence Alignment of Bilingual Corpora},
  booktitle = {AMTA},
  year      = {2002},
  pages     = {135-144},
  ee        = {http://dx.doi.org/10.1007/3-540-45820-4_14},
  bibsource = {DBLP, http://dblp.uni-trier.de}
}

@phdthesis{tyers-dissertation,
  author    = {Tyers, F. M.},
  title     = {Feasible lexical selection for rule-based machine translation},
  school    = {Departament de Llenguatges i Sistemes Infomàtics, Universitat d'Alacant },
  year      = 2013
}

@InProceedings{riosgonzales-gohring:2013:HyTra,
  author    = {Rios Gonzales, Annette  and  G\"{o}hring, Anne},
  title     = {{Machine Learning Disambiguation of Quechua Verb Morphology}},
  booktitle = {Proceedings of the Second Workshop on Hybrid Approaches to Translation},
  year      = {2013},
  address   = {Sofia, Bulgaria},
  url       = {http://www.aclweb.org/anthology/W13-2804}
}

@ARTICLE{Brown92class-basedn-gram,
    author = {Peter F. Brown and Peter V. deSouza and Robert L. Mercer and Vincent J. Della Pietra and Jenifer C. Lai},
    title = {Class-Based n-gram Models of Natural Language},
    journal = {Computational Linguistics},
    year = {1992},
    volume = {18},
    pages = {467--479}
}

@book{agirre2006word,
  title={Word sense disambiguation: Algorithms and applications},
  author={Agirre, Eneko and Edmonds, Philip Glenny},
  volume={33},
  year={2006},
  publisher={Springer Science+ Business Media}
}

@article{matxin,
  year={2011},
  issn={0922-6567},
  journal={Machine Translation},
  volume={25},
  number={1},
  title={Matxin, an open-source rule-based machine translation system for Basque},
  author={Mayor, Aingeru and Alegria, Iñaki and Díaz de Ilarraza, Arantza and Labaka, Gorka and Lersundi, Mikel and Sarasola, Kepa},
  pages={53-82},
}

@inproceedings{matxin_2005,
    author = {I{\~n}aki Alegria and Arantza Diaz de Ilarraza and Gorka Labaka and Mikel Lersundi and Aingeru Mayor and Kepa Sarasola and Mikel L.  Forcada and Sergio Ortiz Rojas and Lluís Padró},
    year = 2005,
    title = {{An Open Architecture for Transfer-based Machine Translation between Spanish and Basque}},
    booktitle = {{Workshop on Open-source machine translation at Machine Translation Summit X}}
}

@inproceedings{rios2009quechua,
  title={A Quechua--Spanish parallel treebank},
  author={Rios, Annette and Göhring, Anne and Volk, Martin},
  booktitle={Proceedings of 7th Workshop on Treebanks and Linguistic Theories (TLT-7), Groningen},
  year={2009}
}


@inproceedings{padro12,
author="Lluís Padró and Evgeny Stanilovsky",
title="FreeLing 3.0: Towards Wider Multilinguality",
booktitle="Proceedings of the Language Resources and Evaluation Conference (LREC 2012)",
organization="ELRA",
address="Istanbul, Turkey",
year="2012",
}

@inproceedings{lavergne2010practical,
  author    = {Lavergne, Thomas and Capp\'{e}, Olivier and Yvon, Fran\c{c}ois},
  title     = {Practical Very Large Scale {CRFs}},
  booktitle = {Proceedings the 48th Annual Meeting of the Association for
            Computational Linguistics ({ACL})},
  year      = {2010},
  location  = {Uppsala, Sweden},
  url       = {http://www.aclweb.org/anthology/P10-1052}
}

@InProceedings{attardi-EtAl:2007:EMNLP-CoNLL2007,
  author    = {Attardi, Giuseppe  and  Dell'Orletta, Felice  and  Simi, Maria  and  Chanev, Atanas  and  Ciaramita, Massimiliano},
  title     = {Multilingual Dependency Parsing and Domain Adaptation using {DeSR}},
  booktitle = {Proceedings of the CoNLL Shared Task Session of EMNLP-CoNLL 2007},
  pages     = {1112--1118},
  url       = {http://www.aclweb.org/anthology/D/D07/D07-1119},
  year      = 2007,
}

@mastersthesis{Liang05semi-supervisedlearning,
  author = {Percy Liang},
  title = {Semi-supervised learning for natural language},
  year = 2005,
  school = {MIT}
}

@InProceedings{turian-ratinov-bengio:2010:ACL,
  author    = {Turian, Joseph  and  Ratinov, Lev-Arie  and  Bengio, Yoshua},
  title     = {Word Representations: A Simple and General Method for Semi-Supervised Learning},
  booktitle = {Proceedings of the 48th Annual Meeting of the Association for Computational Linguistics},
  year      = {2010},
  address   = {Uppsala, Sweden},
  pages     = {384--394},
  url       = {http://www.aclweb.org/anthology/P10-1040}
}

@article{salzberg1997comparing,
  title={On comparing classifiers: Pitfalls to avoid and a recommended approach},
  author={Salzberg, Steven L},
  journal={Data mining and knowledge discovery},
  volume={1},
  number={3},
  pages={317--328},
  year={1997},
  publisher={Springer}
}

@book{academiamayor,
  author ={{Academia Mayor de La Lengua Quechua}},
  title={Diccionario: Quechua - Español - Quechua, Qheswa - Español - Qheswa: Simi Taqe, 2da ed.},
  year={2005},
  address = {Cusco, Perú}
}

@InProceedings{denero-klein:2007:ACLMain,
  author    = {DeNero, John  and  Klein, Dan},
  title     = {{Tailoring Word Alignments to Syntactic Machine Translation}},
  booktitle = {Proceedings of the 45th Annual Meeting of the Association of Computational Linguistics},
  month     = {June},
  year      = {2007},
  publisher = {Association for Computational Linguistics},
  url       = {http://www.aclweb.org/anthology/P07-1003}
}

@inproceedings{RIOS12.350.L12-1169,
    author = {Annette Rios and Anne G{\"o}hring},
    url = {http://www.lrec-conf.org/proceedings/lrec2012/pdf/350_Paper.pdf},
    note = {ACL Anthology Identifier: L12-1169},
    title = {A tree is a Baum is an {\'a}rbol is a sach'a: Creating a trilingual treebank},
    booktitle = {Proceedings of the Eighth International Conference on Language Resources and Evaluation (LREC-2012)},
    year = {2012},
    month = {May},
    address = {Istanbul, Turkey},
    editor = {Nicoletta Calzolari and Khalid Choukri and Thierry Declerck and Mehmet U\u{g}ur Do\u{g}an and Bente Maegaard and Joseph Mariani and Jan Odijk and Stelios Piperidis},
    publisher = {European Language Resources Association (ELRA)},
    isbn = {978-2-9517408-7-7},
    language = {English},
    pages = {1874--1879}
}
